@misc{west_2020_lu,
  author = {West, Matthew},
  title = {LU Decomposition for Solving Linear Equations - CS 357},
  url = {https://courses.physics.illinois.edu/cs357/sp2020/notes/ref-9-linsys.html},
  year = {2020},
  organization = {courses.physics.illinois.edu}
}

@misc{reid_2014_pivoting,
  author = {Reid, Matthew W},
  month = {04},
  title = {Pivoting for LU Factorization},
  url = {http://buzzard.ups.edu/courses/2014spring/420projects/math420-UPS-spring-2014-reid-LU-pivoting.pdf},
  urldate = {2024-02-29},
  year = {2014},
  organization = {University of Puget Sound}
}

@book{press_1992_numerical,
  author = {Press, William H and Teukolsky, Saul A and Vetterling, William T and Flannery, Brian P},
  publisher = {Cambridge University Press},
  title = {Numerical recipes in C (2nd ed.): the art of scientific computing},
  year = {1992}
}

@misc{heath_2023_parallel,
  author = {Heath, Michael},
  title = {Parallel Numerical Algorithms},
  url = {https://courses.engr.illinois.edu/cs554/fa2013/notes/06_lu_8up.pdf},
  urldate = {2024-03-01},
  year = {2023},
  organization = {University of Illinois Urbana-Champaign}
}

@article{stabrowski_2018_parallel,
  author = {Stabrowski, Marek},
  month = {12},
  pages = {210-217},
  title = {Parallel real-world LU decomposition: Gauss vs. Crout Algorithm},
  doi = {10.1515/comp-2018-0020},
  volume = {8},
  year = {2018},
  journal = {Open Computer Science}
}